%% File for use with bibtex
\usepackage {url}
\renewcommand\url{begingroup\urlstype{font}\Url}

@article{Wikle_2007,
   Author = {Wikle, C. K. and Berliner, L. M.},
   Title = {A Bayesian tutorial for data assimilation},
   Journal = {Physica D},
   Volume = {230},
   Issue = {1-2}
   Pages = {1-16},
   Year = {2007}
    }

@article{Kalman_1960,
    Author = {Kalman, Emil, R.},
    Title = {A New Approach to Linear Filtering and Prediction Problems},
    Journal = {Transactions of the ASME--Journal of Basic Engineering},
    Volume = {82},
    Number = {Series D},
    Pages = {35--45},
    Year = {1960}
}


%% end
